@mvbook{BookCottingham1991v3,
author = {John Cottingham, Robert Stoothoff, Dugald Murdoch},
title = {The Philosophical Writings of Descartes},
volume = {3},
volumes = {3},
year = {1991},
publisher = {Cambridge University Press},
}
@mvbook{BookCottingham1991v1,
author = {John Cottingham, Robert Stoothoff, Dugald Murdoch},
title = {The Philosophical Writings of Descartes},
volume = {1},
volumes = {3},
year = {1991},
publisher = {Cambridge University Press},
}
@book{kandel2000principles,
  title={Principles of neural science},
  author={Kandel, Eric R and Schwartz, James H and Jessell, Thomas M and Siegelbaum, Steven A and Hudspeth, A James and others},
  volume={4},
  year={2000},
  publisher={McGraw-hill New York}
}
@book{gray1918anatomy,
  title={Anatomy of the human body},
  author={Gray, Henry},
  year={1918},
  publisher={Lea \& Febiger}
}
@article{Tohyama2018,
author = {Tohyama, Sarasa and Hung, Peter S.P. and Zhong, Jidan and Hodaie, Mojgan},
journal = {Journal of Neurosurgery},
pubstate = {submitted},
title = {{Early post-surgical diffusivity metrics prognosticates long-term pain relief after Gamma Knife radiosurgery for trigeminal neuralgia}},
year = {2018}
}

@book{wilson2010cranial,
  title={Cranial nerves: function and dysfunction},
  author={Wilson-Pauwels, Linda},
  year={2010},
  publisher={PMPH-USA}
}

 @misc{ sh-image-wikipedia,
   author = {{Wikimedia Commons}},
   title = {Spherical Harmonics up to degree 3, as used in third-order},
   year = {2013},
   url = {https://commons.wikimedia.org/wiki/File:Spherical_Harmonics_deg3.png},
   urlseen = {02-27-18},
   howpublished = {Creative Commons Attribution-Share Alike 3.0 Unported}
 }

 @misc{ descartes-wikipedia,
   author = {{Wikimedia Commons}},
   title = {Illustration of the pain pathway in Ren√© Descartes' Traite de l'homme (Treatise of Man) 1664},
   year = {1664},
   url = {https://commons.wikimedia.org/wiki/File:Descartes-reflex.JPG},
   urlseen = {02-27-18},
   howpublished = {Public Domain}
 }
 
 @article{ Chen2018ap,
 author = {Chen, David Qixiang and Dell'Acqua, Flavio and Rokem, Ariel and Garyfallidis, Eleftherios and Hayes, Dave and Zhong, Jidan and Hodaie, Mojgan},
 journal = {Magnetic Resonance In Medicine, Under Review},
 pubstate = {Under Review},
 title = {Diffusion Weighted Image to T1 Co-registration Without Reverse-blip: Investigation of Best Practices},
 year = {2018}
 }
 
  @article{ Chen2018tnsagit,
 author = {Chen, David Qixiang and Zhong, Jidan and Chu, Powell P.W. and Hodaie, Mojgan},
 journal = {Neuroimage, Submitted},
 pubstate = {Submitted},
 title = {Trigeminal Neuralgia Diffusivities using Gaussian Process Classification and Merged Group Tractography},
 year = {2018}
 }
