@mvbook{BookCottingham1991v3,
author = {John Cottingham, Robert Stoothoff, Dugald Murdoch},
title = {The Philosophical Writings of Descartes},
volume = {3},
volumes = {3},
year = {1991},
publisher = {Cambridge University Press},
}
@mvbook{BookCottingham1991v1,
author = {John Cottingham, Robert Stoothoff, Dugald Murdoch},
title = {The Philosophical Writings of Descartes},
volume = {1},
volumes = {3},
year = {1991},
publisher = {Cambridge University Press},
}

